@Online{EspressifGetStartedGetESPIDF,
	title = {Get ESP-IDF - Linux and macOS},
	author = {Espressif},
	url = {https://docs.espressif.com/projects/esp-idf/en/latest/esp32/get-started/index.html},
}

@Online{EspressifGetStartedsetUpTheTools,
	title = {Set up the tools - Linux and macOS},
	author = {Espressif},
	url = {https://docs.espressif.com/projects/esp-idf/en/latest/esp32/get-started/index.html},
}

@Online{EspressifGetStartedsetUpTheEnvironmentVariables,
	title = {Set up the environment variables - Linux and macOS},
	author = {Espressif},
	url = {https://docs.espressif.com/projects/esp-idf/en/latest/esp32/get-started/index.html},
}
